4546 5618
320 629 422 717 Hac
463 629 629 719 Boreas
672 621 822 752 pulsat
844 695 861 738 ‚
900 625 1015 715 illac
1055 624 1232 735 Notus}

216 902 220 907 .
321 815 556 944 Zephyrus
597 851 818 944 proram,
856 820 1002 909 Eurus
1043 819 1150 912 serit
1190 813 1395 948 puppim]
1576 853 1578 857 ⁸

325 1011 374 1104 sd
412 1034 653 1139 propterea
690 1011 1004 1139 gubernacula
1043 1013 1149 1107 misi
1190 1012 1441 1123 manibus‚‘

322 1220 610 1339 Quaeunque
650 1247 759 1307 vero
799 1214 1047 1339 tempestas
1087 1212 1270 1308 duxerit
1306 1215 1467 1341 aspera
1504 1228 1552 1305 et
1594 1205 1800 1316 ductus}

323 1419 390 1506 Ea
431 1413 608 1540 pessum
645 1445 720 1504 me
759 1377 882 1507 dabo
922 1423 970 1506 in
1010 1414 1239 1544 profunda
1279 1419 1430 1508 maris.
1723 1407 1850 1537 ¹165ss

322 1606 436 1696 Cum
477 1609 606 1696 enirn
647 1640 778 1700 mens
816 1606 1187 1722 assecta-errat,

331 1798 393 1887 Ut
434 1794 552 1891 mihi
593 1796 811 1911 videtur,
853 1799 944 1892 sors
982 1799 1079 1892 dux
1116 1799 1182 1903 est
1223 1804 1412 1926 optima.

114 2001 303 2089 NUTR.
343 2001 572 2090 Comitem
607 2005 822 2128 quisquis
864 2007 1031 2105 sortem
1063 2015 1293 2133 quaerit,
1335 2003 1512 2101 carenus'.⁸

115 2191 282 2280 CLYT.
321 2187 507 2280 Dudum
549 2227 660 2288 vero
697 2227 752 2290 ea
793 2203 909 2294 mihi
939 2201 1131 2295 ductrix
1172 2234 1324 2296 caeca,

113 2380 304 2479 NUTR.
328 2389 413 2479 .Ac
449 2418 507 2503 ea
546 2385 736 2517 quidem
775 2386 904 2497 huc,
945 2418 973 2477 ο
1014 2377 1363 2513 Clytemnestra,
1386 2409 1453 2479 te
1492 2383 1640 2481 duxit
1734 2405 1856 2502 170.
1965 2438 1968 2443 ·

118 2528 285 2685 CLYT
329 2580 453 2690 Quid
492 2581 648 2710 ergo?
688 2582 815 2690 Quid
851 2616 1024 2711 agam,
1061 2581 1203 2678 fidum
1243 2583 1382 2674 malis
1421 2589 1533 2676 meis
1571 2585 1759 2712 caput?

113 2785 302 2881 NUTR.
343 2788 488 2907 Nemo
529 2809 773 2912 peccatum
813 2790 977 2896 novit,
1016 2789 1208 2909 regina,
1255 2808 1401 2886 tuum.

117 2991 287 3084 CtYT.
326 2989 506 3112 Regum
527 2985 718 3080 delicta
760 3021 851 3080 non
892 2985 1079 3115 possunt
1122 2986 1285 3084 latere.

117 3189 305 3282 NUTR.
348 3181 581 3288 Quidnam
620 3218 736 3279 vero·
770 3216 891 3278 nune
929 3183 1097 3300 aliud,
1135 3190 1308 3311 regina,
1345 3186 1524 3278 moliris
1566 3191 1675 3276 novi
1695 3190 1714 3297 ,’

220 3416 237 3440 “
326 3391 372 3477 Si
412 3393 544 3512 ejus,
585 3387 710 3513 quod
748 3389 862 3481 olim
902 3389 1092 3499 secisti,·
1128 3383 1379 3518 poenitet?

119 3589 290 3685 CLYT.
330 3588 431 3675 Non
455 3586 568 3678 lieet
586 3592 782 3714 reperire
806 3592 1073 3703 terminum,
1114 3587 1152 3680 si
1195 3587 1331 3681 semel
1358 3583 1545 3679 amalis
1587 3588 1840 3729 inceperis}

214 3808 216 3813 ’
328 3785 471 3874 Malis
516 3817 625 3878 vero
649 3784 892 3878 additurus
920 3785 1152 3914 quispiam
1174 3791 1319 3902 mala,
1337 3809 1488 3915 auget,
1527 3817 1633 3875 cum
1656 3780 1856 3887 dubitat.

327 3990 482 4108 iguem
522 4012 569 4079 et
613 3987 783 4080 serrum
823 3954 976 4079 ulcera
1018 3987 1248 4115 quaedam
1312 3985 1561 4116 postulant.

114 4183 312 4287 NUTR.
352 4185 512 4273 Nonne
552 4188 792 4308 primum,
831 4187 1004 4303 regina,
1041 4202 1250 4277 extrema
1290 4184 1491 4309 experiri
1529 4176 1703 4273 decet?

118 4377 287 4476 CLYT.
332 4386 383 4471 In
424 4384 561 4474 malis
601 4401 779 4507 oportet
822 4387 949 4474 viam
987 4385 1158 4509 eligere
1197 4380 1384 4477 malam.
1730 4394 1850 4481 180.

117 4577 290 4671 NUTR
347 4579 659 4673 Veruntamen
700 4578 960 4673 sanctorum
999 4562 1337 4673 cunnubiorum
1375 4604 1530 4668 verere
1569 4600 1746 4667 nomen.

120 4773 283 4866 CLYT³
327 4776 476 4878 Quem
516 4769 889 4872 decem-abhinc
928 4783 1068 4871 annis
1109 4809 1202 4871 non
1227 4773 1341 4881 vidi,
1383 4774 1578 4861 maritus
1605 4766 1670 4860 est
1697 4769 1850 4870 mihi?

125 4977 310 5074 NUTR.
350 4976 659 5074 Reminiscere
699 4973 990 5090 liberorum,
1026 5007 1144 5103 quus
1184 4965 1397 5100 peperisti
1436 4964 1672 5095 quendam
1713 4969 1802 5071 illi.

1514 5144 1548 5229 E
