4538 5610
475 605 666 701 Difiecit
704 637 785 700 rex
825 574 1162 735 Agamemnoni

474 813 608 906 Salve
646 813 828 934 igitur,
866 832 911 903 et
949 835 1189 907 taurorum
1226 806 1492 938 sanguinem
1530 797 1741 932 tepidum

469 1019 527 1108 Et
565 1047 626 1108 err
664 1021 758 1106 aris
799 1009 964 1103 nostris

472 1210 675 1312 Odorem
714 1210 915 1308 ardentis
953 1211 1102 1306 thuris
1143 1196 1336 1342 suscipe.

262 1463 565 1564 CLYTEMN.
603 1467 759 1582 Quid,
798 1464 996 1583 miseraj
1035 1493 1188 1567 mente
1230 1463 1485 1566 revolvis?
1605 1429 1607 1433 Ι
1878 1440 2016 1553 ‘120-
2071 1439 2077 1448 ’

472 1673 578 1759 Non
617 1612 750 1760 decet
775 1635 902 1757 'haec
940 1685 988 1758 te
1027 1662 1192 1762 facere.
1267 1665 1384 1770 Quis
1424 1655 1554 1757 ille?
1594 1657 1769 1784 Coniux

473 1864 842 1976 Dilectisfimus,
884 1865 1242 1993 Mycenaeorum
1269 1809 1365 1957 rex
1404 1885 1580 1970 terrae,

474 2069 726 2160 Revertens
765 2059 830 2155 ab
868 2064 946 2153 Ilii
982 2084 1029 2154 et
1069 2058 1306 2189 Phrygum
1346 2055 1589 2170 incendio,

475 2287 538 2374 Et
580 2280 690 2377 inde
730 2278 952 2411 praedam
987 2311 1127 2409 agens
1170 2286 1220 2372 in
1260 2284 1527 2378 Graeciam.

480 2482 566 2578 Sed
605 2485 727 2578 idem
765 2485 869 2595 est,
906 2452 1058 2577 meam
1097 2489 1179 2608 qui
1218 2485 1452 2582 interfecit
1491 2477 1735 2616 puellamj
1883 2468 2013 2606 *1255

454 2693 538 2781 Et
577 2690 743 2806 filiae,
781 2726 869 2786 vae
905 2695 1066 2819 generi
1105 2692 1341 2803 Tantali,

479 2892 672 3016 Rigavit
712 2925 873 2988 cruore
913 2887 1241 3015 virginicidam
1281 2896 1446 2986 Deam

481 3080 569 3177 Iste
610 3091 787 3214 incepit
829 3096 1034 3215 primus,
1073 3121 1147 3182 me
1185 3085 1316 3184 decet
1355 3087 1482 3216 sequi

477 3280 637 3387 Mariti
678 3289 907 3417 vestigia,
951 3324 1006 3385 ac
1043 3293 1279 3418 reliquum
1319 3287 1593 3420 profundere
1632 3280 1915 3414 sanguinem-¹

481 3493 758 3588 Reverentia
798 3497 1013 3609 recessrt,
1050 3493 1166 3590 casti
1206 3500 1404 3624 conjugii
1444 3523 1579 3585 amor
1884 3483 2024 3611 13⁴0),

335 3794 337 3799 ‚
478 3687 626 3787 Abest
667 3676 847 3822 procul.
923 3699 1056 3790 Nunc
1097 3695 1201 3790 sunt
1236 3694 1451 3792 audenda
1487 3689 1617 3802 tibi,‘

464 3885 658 3999 ‘Quibus
697 3914 742 3985 et
783 3894 1003 3984 maritum
1044 3914 1215 4005 tuum,
1252 3917 1298 3986 et
1339 3895 1497 3983 mariti
1537 3886 1727 4014 stirpem

482 4080 680 4176 Vincere
719 4085 874 4211 possis.
951 4091 1083 4182 Nunc
1123 4086 1222 4215 ipsa
1262 4111 1343 4202 te,
1381 4123 1412 4184 o
1450 4088 1655 4198 mulier,

480 4287 643 4381 Mariti
684 4295 859 4384 malem
897 4325 1027 4394 arma
1069 4299 1117 4383 in
1157 4297 1442 4422 perniciem,

480 4494 713 4622 Perpende
755 4496 1033 4624 singularum
1073 4460 1349 4591 feminarum
1387 4445 1633 4607 facinora}
1868 4483 2000 4625 '1359

481 4698 528 4785 Si
567 4696 623 4787 fit
662 4706 832 4794 marito
868 4725 948 4794 tuo
991 4701 1182 4831 dignum
1222 4711 1515 4835 praemium,

481 4895 653 4989 Omnes
692 4904 824 4998 vinci
860 4924 1041 5031 oportet
1080 4903 1164 5001 abs
1202 4928 1285 5035 te,
1323 4908 1685 5034 Agamemnonis
1714 4905 1928 5031 conjuge.

1621 5208 1625 5213 ,
1664 5115 1696 5208 Δ
