4538 5610
919 422 1067 473 εει
1808 381 1896 481 vu

317 597 429 687 Sine
461 593 610 683 dubio
641 593 929 710 reperientur
976 618 1039 678 ex
1069 591 1162 680 hoc
1212 590 1314 709 ipso
1359 584 1640 715 fngmento,
1685 598 1769 683 vel
1803 621 1891 681 vo·

152 727 325 817 cabula
378 722 585 840 fingusa,
634 721 714 807 ves
747 718 918 805 formae
964 719 1184 819 dicendi,
1236 723 1317 806 ves
1349 727 1466 809 adeo
1517 752 1637 810 unus
1681 734 1729 809 et
1767 724 1880 811 item

163 854 286 943 alter
321 845 476 933 versus
505 845 695 963 integer,
724 845 850 962 apud
884 840 1086 932 Graecos
1119 845 1506 964 lexicograpbos,
1554 838 1892 971 grammaticos,

156 975 424 1069 scholiastae
452 985 500 1060 et
533 975 841 1089 gnonrosogos.
906 969 997 1055 Eos
1032 997 1143 1054 vero
1173 972 1298 1054 hanc
1337 980 1397 1059 ob
1414 975 1604 1061 caussam
1637 974 1747 1060 asiis
1777 999 1888 1057 exa·

162 1102 404 1190 minandos
450 1101 713 1213 relinquere
760 1122 932 1212 cogor,
982 1120 1085 1181 cum
1122 1110 1309 1213 propter
1360 1101 1457 1184 asia
1504 1106 1689 1214 negotia
1740 1095 1890 1184 labori

165 1227 376 1331 eiusmodi
408 1224 633 1313 diuturno
680 1251 736 1311 ac
771 1221 976 1311 taedioso
1025 1220 1255 1324 studium,
1306 1226 1599 1345 animumque
1647 1225 1888 1311 advertere

121 1470 123 1475 ,
155 1378 398 1474 nequeam.

238 1568 250 1605 ’
328 1600 398 1691 De
430 1601 704 1737 apographo
734 1595 1058 1685 Alexandrino
1088 1595 1218 1683 nihii
1262 1600 1494 1715 proditum
1524 1611 1626 1688 erat
1676 1605 1724 1687 in
1760 1599 1898 1687 sitte-

155 1734 221 1821 ria
251 1734 314 1814 ab
348 1729 497 1813 amico
548 1729 605 1809 ad
640 1749 708 1806 me
742 1725 898 1826 missis,
949 1733 1130 1838 praeter
1171 1727 1316 1809 haec:
1361 1719 1592 1847 μετεγςάφη
1621 1721 1662 1811 δέ
1707 1723 1760 1810 τᾶ
1787 1727 1897 1809 dno-
2021 1758 2027 1768 ’

155 1844 406 1959 coneursum
443 1848 546 1932 cairo
590 1837 927 1965 ὲνἈλῑξανδρεὶσς
976 1840 1056 1968 παρ’
1071 1840 1197 1967 snserit
1229 1845 1456 1954 λογιωτῶτε
1504 1856 1549 1938 ἐκ
1571 1842 1716 1945 adsue
1758 1848 1905 1966 δερμαι»

154 1984 241 2066 sira
283 1970 388 2060 uduo
433 1972 626 2071 natare,
676 1975 909 2090 περιέχοντος
943 1965 1134 2084 ’Arqritta
1149 1966 1205 2057 τέ’
1247 1971 1315 2081 aqu*
1346 1970 1577 2095 Σοφοκλέεςς
1608 1975 1714 2061 enac
1742 2001 1899 2097 rpora-

157 2102 247 2193 aas.
284 2104 385 2201 ,Bis
413 2097 511 2216 post
545 2097 762 2184 ultimam
796 2090 922 2182 istam
952 2096 1194 2211 epistolam
1226 2096 1560 2218 Wittemberga
1603 2103 1661 2186 ad
1680 2098 1903 2191 amicum

159 2232 299 2317 illum
349 2224 606 2343 scripseram
655 2236 704 2307 et
736 2222 1032 2338 rogaveram,
1076 2239 1165 2319 ut,
1213 2222 1384 2308 srutso
1415 2230 1548 2313 modo
1590 2223 1691 2313 sieri
1727 2224 1897 2342 posset,

158 2359 385 2469 reliquam
439 2351 586 2466 huius
645 2349 907 2463 tragoediae
947 2362 1121 2464 partem
1170 2349 1229 2435 ad
1262 2375 1335 2433 me
1383 2355 1621 2438 mitttcret.
1692 2350 1898 2439 Nullum

160 2495 310 2568 tamen
347 2478 505 2563 adbuc
541 2479 705 2590 accepi
737 2473 1008 2588 responsum.
1065 2464 1202 2590 ¹Spem
1235 2501 1350 2563 vero
1400 2480 1484 2563 hic
1518 2475 1744 2594 Mosquae
1790 2503 1899 2563 con·
2054 2558 2062 2569 .

157 2606 263 2723 cepi
305 2602 860 2718 ,aliquantolaetiorem
911 2595 1034 2690 fore.
1089 2615 1141 2684 ut
1194 2627 1277 2714 per
1331 2600 1572 2710 Graecos,
1618 2607 1895 2719 quibuscum

154 2732 310 2818 denuo
337 2728 455 2814 mibi
489 2722 553 2812 est
583 2729 895 2813 commercium
928 2740 974 2808 et
1009 2722 1324 2825 familiaritas,
1354 2732 1577 2844 integram
1611 2729 1735 2814 istam
1769 2741 1894 2845 trag-

157 2857 335 2943 oediam
387 2848 647 2955 nanciscar,-
692 2877 795 2935 curn
828 2849 1090 2964 praesertim
1123 2848 1375 2962 fratribus,
1403 2852 1895 2962 Anastrfio‚'Nicolao,
1975 2846 1980 2859 '

157 2989 264 3066 Zone
276 2993 323 3067 et
342 2977 569 3080 Michaeli,
587 2972 824 3085 Zrfimadir
840 2978 1108 3087 Eupnrridir,
1126 2983 1432 3078 innotuerim,
1455 2983 1535 3092 qui
1555 3044 1570 3083 ,
1598 2995 1649 3066 ut
1669 2984 1901 3087 Eugeur'ur

157 3105 370 3216 Busgarir
388 3166 422 3213 ,
441 3098 786 3216 Arcbiepiscopus
806 3165 824 3202 ,
853 3108 1121 3187 Graecorum
1153 3104 1293 3218 longe
1323 3102 1625 3199 Cranffinms,
1677 3103 1895 3189 verissime

160 3232 375 3350 scripsit,
408 3232 554 3316 veteri
593 3230 670 3313 issi
705 3239 849 3339 atque
879 3228 1151 3312 nobilissimo
1184 3225 1446 3316 Maecenati
1483 3232 1718 3323 iustissimi,
1776 3231 1891 3316 sum·

157 3363 286 3446 tibus
335 3357 572 3473 regalibus
617 3352 853 3469 pristinum
906 3353 1080 3437 litteris
1129 3347 1322 3440 Graecis
1369 3356 1649 3471 splendorem
1697 3357 1889 3444 edendis

35 3513 37 3516 ’
155 3485 203 3570 in
238 3480 414 3586 Bossia,
444 3475 662 3579 Graecia,
692 3475 963 3581 Germania,
1000 3479 1136 3562 Italia
1173 3477 1578 3595 ctFrancogattia,
1610 3481 1885 3590 distribuenq

155 3610 322 3725 disque
353 3604 735 3725 praestantissimis
764 3600 1021 3690 austoribus
1060 3601 1278 3704 Graecis,
1326 3611 1566 3692 vindicare
1598 3606 1790 3694 student.

322 3828 509 3917 Codicis
542 3825 790 3945 Augustani
828 3826 999 3912 mentio
1034 3823 1094 3910 sit
1129 3825 1178 3914 in
1211 3833 1433 3946 catalogo
1461 3827 1633 3917 Reiscri
1679 3857 1777 3947 pag.
1809 3854 1885 3943 79.

157 3982 279 4042 num.
311 3979 352 4068 9.
381 3954 593 4072 Scriptus
622 3952 683 4038 cst
717 3952 765 4036 in
786 3954 990 4055 chartis,
1030 3952 1217 4036 diversis
1248 3957 1533 4068 temporibus
1562 3968 1609 4039 et
1645 3982 1669 4040 a
1703 3954 1892 4043 diversis

158 4081 347 4181 scribis,
379 4083 480 4184 ita,
507 4091 560 4165 ut
594 4080 803 4176 credam,
836 4079 1043 4190 plurium
1074 4073 1295 4164 Codicum
1326 4078 1576 4194 fragmenta
1639 4084 1883 4167 recentiori

156 4219 357 4325 tempore
403 4231 499 4290 uno
548 4205 789 4292 volumine
836 4203 1059 4319 colligata
1106 4214 1160 4286 et
1206 4202 1431 4320 comparia
1478 4205 1576 4294 esse.
1640 4205 1881 4298 Eiusmodi

155 4330 346 4421 Codices
372 4336 561 4451 piures,
597 4330 681 4414 hic
710 4333 849 4414 etiam
881 4330 929 4413 in
955 4328 1121 4424 Rossra,
1151 4330 1336 4420 inveni,
1368 4337 1451 4449 qui
1489 4335 1697 4448 pierium
1729 4329 1879 4420 audo·

154 4483 251 4544 rum
284 4457 508 4576 opuscula
541 4467 589 4539 et
622 4453 900 4571 fragmenta,
949 4453 1136 4537 diversis
1179 4460 1465 4568 temporibus
1514 4475 1560 4544 et
1596 4463 1657 4543 ab
1687 4459 1878 4545 diversrs

153 4583 316 4672 scribis
331 4579 856 4700 scripta,'continerent.
885 4575 1209 4697 Conrpseditur
1231 4577 1387 4669 Codex
1417 4581 1713 4701 Augustanus
1751 4586 1890 4671 haec:

160 4826 223 4950 1)
276 4830 355 4919 fol.
411 4857 520 4922 1-
547 4851 591 4938 4.
636 4820 706 4910 De
753 4821 909 4910 metris
957 4823 1174 4924 Pindari,
1219 4825 1522 4947 fragmentum
1573 4829 1748 4917 dudum
1795 4831 1885 4926 iam

219 4961 412 5048 editum.
