4538 5610
436 390 1116 558 ῆὲ“ἓῧέ
1011 397 2137 575 ῆὲῇὲῇὲῆὲῆ

859 793 1726 895 ANIMADVERSIONES

1249 1005 1323 1078 Ad

858 1142 1343 1277 clytemnestram
1402 1152 1683 1285 Sophocl
1663 1189 1733 1258 rs.

408 1302 650 1470 Σοφοκλέει
682 1341 1021 1473 Κλυταιμιήςρα)
1055 1364 1098 1433 Ιιι
1122 1358 1243 1437 codice
1279 1365 1378 1460 Augu
1362 1360 1502 1449 uliano
1535 1383 1572 1438 ut
1606 1369 1643 1438 in
1678 1367 1886 1462 praefatione
1923 1371 2061 1454 monui,
2094 1371 2159 1443 de·

410 1496 537 1574 sunta
567 1498 736 1597 principio
770 1497 895 1572 onmia.
962 1488 1084 1595 lncipit
1118 1503 1235 1572 enim:
1280 1511 1313 1571 π
1311 1484 1498 1609 ρολογίζεί
1527 1485 1721 1611 ‘stationali
1763 1503 1944 1600 Sophocles
1977 1521 2087 1574 autern
2120 1505 2158 1575 in

411 1629 472 1700 hac
504 1627 618 1698 sabula
650 1625 740 1696 idem
774 1638 1010 1721 argumentum
1042 1623 1184 1712 tradat,
1218 1624 1311 1720 quod
1346 1624 1536 1722 Aeschylus
1569 1646 1600 1699 et
1633 1627 1759 1699 Seneca
1817 1632 1853 1698 in
1889 1629 2157 1721 Agamemnone.

411 1754 452 1826 ln
485 1753 591 1823 tribue
625 1752 717 1822 enim
750 1747 801 1817 his
834 1745 958 1820 fabulis
990 1747 1180 1848 conspirant
1213 1745 1467 1844 Clytemnestra
1513 1767 1545 1822 et
1584 1746 1770 1848 Aegiflhus
1825 1752 1860 1819 in
1893 1751 2028 1821 caedem
2064 1752 2158 1845 Aga·

412 1879 602 1951 memnonis
635 1890 667 1947 et
682 1871 903 1959 Cassandrae,
934 1872 977 1946 ab
994 1875 1321 1972 lliiexpugnarione
1341 1874 1507 1967 Mycenas
1525 1877 1776 1950 revertentium.
1817 1873 1923 1970 Apud
1948 1871 2161 1967 Aeschylum

412 2029 519 2100 pauca
550 2004 602 2073 his
635 2000 755 2071 similia
786 1999 954 2096 leguntur.
1021 1999 1146 2073 Maluit
1179 2002 1272 2072 enim
1305 1996 1486 2094 Sophocles
1518 1998 1601 2088 suo,
1642 2023 1746 2095 quam
1778 2001 1891 2071 alieno
1925 1998 2065 2097 ingenio
2102 1996 2164 2072 uti.

412 2128 537 2202 Seneca
568 2151 652 2201 vero
687 2127 732 2195 ita
749 2128 784 2195 in
802 2125 853 2194 his
871 2125 1063 2197 notabiliter
1087 2127 1236 2197 imitatus
1256 2119 1301 2194 est
1337 2122 1567 2218 Sophoclem,
1599 2140 1635 2192 ut
1667 2126 1702 2194 in
1722 2125 1836 2196 multis
1869 2142 2022 2196 nontam
2055 2139 2163 2217 partes

415 2255 617 2333 imitatoria,
670 2274 772 2345 quarn
804 2252 991 2344 interpretii
1023 2252 1137 2349 egerit.
1186 2245 1456 2344 Clytemnedrae
1490 2248 1667 2345 Sophoclis
1700 2253 1798 2344 pauci
1834 2253 2042 2322 mentionem
2075 2246 2160 2320 feee-

414 2398 502 2452 runt.
535 2377 626 2452 Vide
659 2374 816 2473 Sophocl.
848 2375 927 2449 edir.
962 2369 1117 2451 Brun'ck.
1152 2374 1201 2451 T.
1234 2374 1302 2449 IV.
1337 2399 1371 2471 p.
1408 2360 1511 2454 625.
1546 2394 1578 2446 et
1599 2373 1748 2468 Hesych.
1779 2373 1858 2451 edit.
1894 2375 2031 2447 Alberti
2065 2370 2114 2443 T.
2131 2372 2162 2442 1.

414 2530 448 2602 p.
483 2502 586 2597 508.
619 2505 656 2572 in
689 2481 836 2610 α’ροίβῳ.
902 2499 952 2570 Ita
987 2518 1097 2589 tamen
1128 2501 1320 2596 inscriptam
1352 2498 1450 2571 suilse
1484 2500 1572 2572 hanc
1604 2500 1839 2599 tragoediam,
1895 2503 1978 2571 mibi
2013 2500 2049 2570 lit
2082 2522 2164 2594 pro·

414 2630 529 2703 babile
561 2648 662 2700 etex
695 2653 735 2699 eo
752 2685 768 2729 ,
804 2625 896 2720 qood
929 2648 1032 2714 eam,
1066 2627 1192 2724 inqua
1223 2627 1328 2698 caedes
1358 2621 1619 2722 Clytemneflrae
1653 2643 1684 2697 et
1705 2621 1860 2722 Aegisthi
1892 2649 1954 2720 per
1987 2621 2164 2696 Etettram

416 2773 448 2831 et
481 2750 635 2827 Oreslem
668 2770 843 2832 narratur,
898 2749 1071 2824 Eledlram
1105 2751 1283 2847 inscripsit.
1348 2748 1441 2850 Ergo
1471 2753 1588 2831 hanc,
1628 2773 1704 2843 quae
1736 2749 1860 2820 caedem
1894 2750 2165 2849 Agamemnonis

416 2900 449 2956 et
481 2878 685 2955 Calsrandrae
718 2903 777 2975 per
809 2873 1096 2973 Clytemneflram
1129 2896 1161 2950 et
1195 2872 1393 2972 Aegisthum
1428 2877 1595 2968 exponit,
1638 2875 1827 2968 appellavit
1859 2871 2163 2971 clytemnestram.

421 3008 585 3090 Accedit,
617 3006 709 3102 quod
743 3003 869 3074 nullibi
901 3005 1110 3074 mentionem
1161 2997 1284 3073 sedam
1317 2998 1381 3071 esse
1414 2999 1568 3072 recordor
1599 2996 1774 3095 Sophoclis
1807 3002 2013 3098 tragoediae,
2066 3001 2163 3099 Aga·
2221 2984 2226 2993 ¹

419 3133 611 3205 memnonis
644 3133 793 3201 nomine·

526 3319 753 3445 Προλογίζει
786 3320 999 3444 Τισιφόνη)
1037 3339 1404 3423 Accommodatiffime,
1436 3351 1468 3408 et
1500 3337 1604 3420 loco,
1637 3350 1668 3406 et
1704 3336 1879 3429 tempori,
1910 3349 1942 3406 et
1973 3359 2159 3436 argumen-

420 3479 454 3536 to
487 3462 695 3561 tragoediae,
730 3461 934 3560 sl'isrphone
968 3463 1139 3537 inducitur
1169 3466 1341 3562 loquens,
1393 3489 1469 3560 quae
1502 3466 1548 3534 ira
1583 3458 1718 3532 auslore
1750 3456 1926 3531 Euflathio
1977 3463 2019 3533 ad
2052 3461 2159 3535 Hom.

523 3641 531 3661 .
566 3614 601 3681 p.
639 3579 744 3690 763.
774 3589 862 3660 ditia
895 3585 969 3671 est,
1017 3577 1095 3666 irtel
1124 3577 1226 3665 δίκας
1259 3580 1365 3698 alara]
1406 3584 1548 3662 eirena
1578 3579 1607 3659 oi
1640 3575 1771 3692 φυγᾶς.
1817 3584 1892 3680 lpse
1924 3605 2035 3659 autem
2074 3611 2154 3684 pro·

419 3714 519 3810 logus
553 3712 637 3782 hanc
669 3711 802 3783 laudern
835 3715 965 3796 babet,
994 3716 1086 3808 quod
1119 3716 1219 3786 totius
1248 3715 1375 3788 labulae
1405 3727 1639 3810 argumentum
1672 3711 1818 3781 breviter
1851 3715 2002 3805 exponit.
2052 3712 2159 3809 Apud

422 3836 583 3913 Senecam
612 3837 730 3906 umbra
761 3823 981 3943 (ἅδωλον)
1013 3835 1180 3935 Thyellae
1214 3842 1395 3939 prologum
1426 3840 1555 3922 babet,
1604 3836 1698 3935 quod
1757 3834 1859 3907 valde
1894 3839 2070 3932 probabile
2102 3834 2159 3911 est.

282 4024 286 4033 .
420 3962 528 4060 Apud
563 3961 772 4055 Aeschylum
804 3963 962 4060 praefatur
989 3963 1204 4060 speculator,
1253 3952 1276 4072 (
1296 3948 1567 4076 φρυκτωρδς)
1619 3962 1711 4061 quod
1742 3983 1861 4057 parum
1908 3966 2009 4035 hahet
2042 3966 2162 4062 digni·

422 4092 521 4163 tatis:
554 4112 598 4160 ne
628 4089 766 4181 dicam,
817 4085 889 4188 ejus
920 4087 1097 4184 personam
1130 4091 1261 4187 prorsus
1291 4091 1355 4163 esse
1388 4093 1566 4174 alienam,
1617 4115 1696 4162 cum
1728 4086 1908 4183 praesertim
1942 4092 2047 4162 multa
2078 4114 2162 4185 pro·

421 4216 603 4311 loquutur,
638 4232 791 4288 nontam
826 4220 967 4317 tragica,
998 4241 1101 4312 quam
1135 4219 1293 4306 ridicula,
1327 4217 1435 4288 veluti
1469 4211 1528 4284 itta
1560 4240 1580 4287 a
1606 4216 1800 4325 principio.
1832 4198 1922 4288 3685
1964 4209 2030 4310 μὲν
2063 4201 2163 4290 allel

422 4326 532 4415 τῶνδ’
551 4326 785 4436 ἀπαλλαγήν
816 4325 932 4418 πόνων
965 4379 1014 4397 -
1049 4328 1157 4419 κυνος
1190 4329 1304 4437 δίκην,
1339 4359 1386 4414 er:
1400 4322 1483 4417 εὖτ’
1502 4326 1613 4416 οἰν-
1645 4317 1907 4435 dupliciter*
1881 4352 1982 4436 ιιιινῳ
2012 4355 2046 4415 κ
2064 4338 2164 4414 τ..λ

423 4502 523 4578 verr.
556 4519 597 4600 4.
631 4487 699 4576 δυ
681 4515 771 4603 υχ.
818 4491 966 4629 γέρων)
1016 4499 1195 4577 Tantalus.
1244 4503 1388 4577 Tantali
1437 4520 1469 4576 et
1500 4499 1708 4600 polleromm
1747 4505 1821 4577 eius
1852 4502 2002 4580 facinora
2032 4522 2064 4578 et
2095 4503 2162 4578 fla·

486 4630 568 4727 glria
600 4628 749 4697 breviter
781 4647 874 4704 notat
905 4627 1077 4704 Eabritius
1108 4630 1151 4702 ad
1183 4629 1318 4706 Senecae
1349 4630 1471 4734 Agam.
1503 4651 1540 4703 v.
1580 4640 1650 4706 22

427 4790 466 4886 5.
497 4755 654 4863 Haila)
639 4768 865 4870 ).Pelopem

428 4913 471 5005 ’ἶιΙ
502 4881 599 4993 0238)
637 4898 727 4993 Aug·
770 4898 854 4973 Cod.
887 4882 969 5011 dtd‘p.
1002 4898 1057 4975 De
1082 4902 1198 4997 spiritu
1233 4841 1376 4997 disputat
1408 4897 1559 4977 Eustatb.
1592 4894 1683 4971 adl
1666 4894 1711 4971 ll.
1743 4922 1779 4992 p,
1817 4886 1883 4980 16
1916 4899 1993 4976 edit
2026 4897 2130 4975 Rom

429 5024 470 5119 8·
501 5043 520 5097 ⁰
558 5001 639 5122 (etde
669 5008 762 5136 γαρ)
797 5028 894 5127 Aug
919 5014 993 5139 γοὶρ
1024 5018 1049 5102 a‘
1082 5008 1187 5125 ζεῦς.
1217 5027 1304 5102 Mox
1337 5026 1454 5104 idem.
1483 5008 1562 5100 5εοί
1593 5045 1622 5097 τ
1622 5003 1765 5100 ἀλλοι
