4538 5610
1050 514 1197 559 Ξ·-
1935 493 1991 582 33
2094 537 2097 541 ’

462 694 647 820 Eligere
686 724 742 785 ex
783 689 971 820 praeda·
992 690 1170 818 puellas
1208 684 1462 782 sonnosas.-

463 895 664 999 Verum,
708 886 879 982 dilecta
919 886 1126 1000 domina,
1165 880 1501 1015 dispiciendum
1530 877 1726 1007 esttibi,
1755 877 1990 1009 quomodo

463 1091 589 1184 Haec
632 1084 937 1185 administres.
1016 1062 1195 1180 Virum
1225 1083 1436 1225 confidis,
1457 1106 1504 1180 te
1547 1062 1915 1195 interfecturam,

464 1295 615 1398 Quem
656 1323 738 1384 nec
780 1291 975 1380 Troiani
1018 1286 1177 1385 decem
1217 1293 1352 1380 annis
1392 1308 1669 1417 potuerunt,

318 1458 320 1463 ⁵
467 1474 616 1579 Quem
658 1478 744 1562 nec
785 1467 1000 1561 Achilles
1040 1466 1146 1563 ense
1187 1465 1451 1580 sauciavit,
1864 1465 1992 1580 300.

464 1674 543 1759 Ei
563 1695 612 1761 tu
638 1741 653 1779 ,
692 1671 883 1792 regina,
922 1699 1056 1792 paras
1098 1667 1297 1764 caedem.

466 1866 569 1954 Non
608 1862 697 1955 hoc
738 1863 938 1953 inultum
977 1862 1067 1955 tibi
1107 1870 1335 1962 Graeciae

466 2065 750 2188 Relinquent
771 2067 947 2191 populi.
989 2071 1112 2163 Pone
1133 2067 1222 2163 tibi
1247 2055 1354 2166 ante
1380 2069 1537 2164 oculos
1554 2065 1788 2159 fortunam
1805 2063 1990 2158 Troiae.

257 2257 609 2353 AEGISTHUS.
649 2257 792 2348 Venit
833 2281 1027 2385 tempus,
1067 2259 1193 2386 quod
1232 2261 1406 2387 semper
1444 2254 1695 2383 perhorrui.
1734 2257 1805 2349 Te
1843 2290 1992 2361 nunc,

470 2447 723 2576 Aegistho,
761 2475 940 2580 oportet
979 2487 1135 2549 omnes
1177 2457 1541 2550 machinationes
1749 2532 1759 2563 .,
1863 2478 1989 2568 305.

470 2658 712 2765 Invenire,
751 2685 872 2779 quae
910 2600 1082 2752 decent.
1112 2659 1620 2786 Tantalo'prognatos.

472 2863 696 2990 Mycenae
738 2892 859 2954 nunc
899 2863 1018 2958 redit
1059 2898 1176 2979 rex,

471 3061 606 3185 Cujus
645 3083 698 3153 tu
740 3062 1044 3190 constuprasti
1083 3071 1333 3193 conjugem.
1409 3062 1488 3159 Est
1527 3088 1681 3158 autem
1719 3063 1850 3155 Atrei
1887 3078 1893 3087 '

474 3240 655 3350 Filius,
694 3261 747 3332 tu
788 3240 1033 3370 Thyestae.
1111 3248 1256 3371 Atqui
1295 3244 1382 3336 hoc
1426 3242 1534 3335 satia

468 3449 569 3538 Erit
610 3441 744 3536 nobis
787 3443 848 3535 ad
886 3444 1045 3539 odium
1082 3445 1281 3541 caussae.
1347 3451 1464 3537 Sunt
1504 3476 1614 3541 vero
1652 3447 1776 3543 aliae
1814 3453 2007 3548 etiams

431 3755 432 3759 Ν
469 3648 547 3738 Me
584 3644 709 3736 enim
748 3640 975 3771 Thyestes
1014 3642 1147 3769 hujus
1187 3641 1345 3736 caedis
1383 3647 1533 3767 gratia
1865 3668 1991 3758 310.

473 3848 680 3955 Genuit,
716 3865 762 3937 et
807 3844 866 3938 ad
905 3848 1098 3943 celerem
1138 3849 1498 3975 Agamemnonis
1535 3877 1727 3957 necem,

471 4050 517 4138 Si
558 4038 746 4169 quidem
784 4081 893 4143 vera
935 4047 1039 4143 sunt
1078 4049 1316 4178 Apollinis
1361 4050 1585 4147 oracula:

472 4244 551 4331 Sin
587 4238 704 4338 salsa
723 4278 741 4362 3
782 4277 866 4339 nec
908 4268 960 4339 tu
998 4252 1201 4374 potueris
1240 4245 1363 4341 serro

475 4431 805 4533 Contrucidare
845 4439 1021 4557 illum3
1057 4463 1171 4534 tunc
1208 4440 1469 4536 cadendum
1508 4441 1615 4540 tibi
1717 4436 1726 4453 ”
1832 4463 1995 4561 4315.

265 4637 433 4735 CLYT.
456 4740 459 4751 ,
479 4643 577 4734 Ηοο
616 4668 726 4739 ante
762 4669 947 4783 tempus
988 4656 1084 4744 iarn
1121 4649 1273 4744 fueras
1313 4662 1454 4750 morti
1491 4626 1705 4787 deuotus.

265 4837 504 4939 AEGIST.
544 4843 757 4970 Regina,
796 4877 1001 4942 mearum
1041 4881 1363 4948 aerumnarum
1402 4877 1456 4948 tu
1496 4889 1544 4952 es
1583 4850 1777 4966 caussa,

476 5036 649 5133 Iustum
689 5077 829 5173 ergo,
868 5067 915 5140 te
951 5078 1135 5182 quoque
1174 5086 1355 5153 mecum
1393 5063 1526 5159 mori.

1511 5267 1516 5274 ·
1631 5226 1679 5325 Θ,
