4538 5610
471 581 610 677 Adest
651 581 852 676 adulter:
895 580 1148 675 divortium
1187 585 1270 673 vix
1310 579 1377 678 est
1419 589 1592 678 malum
1634 620 1646 677 ε

474 787 665 879 Venena
703 821 796 879 non
835 784 1010 913 semper
1049 781 1109 876 ad
1146 807 1341 878 mortem
1385 786 1617 913 adigunt:

470 984 597 1079 Enfis
636 1019 696 1080 ex
734 990 871 1079 melis
910 983 1126 1079 omnibus
1164 988 1314 1111 magis
1351 984 1534 1081 videtur

469 1183 785 1282 Idoneus..Eo
821 1191 946 1282 enim
986 1223 1049 1315 pu
1110 1209 1192 1280 “am
1236 1187 1580 1285 contrucidavit
1619 1220 1785 1289 meam·

262 1382 517 1483 NUTRIX.
558 1388 733 1515 Regina
772 1340 1103 1503 Achivoruml‘
1134 1374 1345 1516 Tyndari
1387 1386 1549 1480 nobile
1586 1419 1767 1513 genus,

472 1591 599 1695 Quid
636 1592 713 1684 hic
752 1591 849 1686 sola
888 1590 1028 1697 corde
1065 1566 1221 1683 uersas
1262 1611 1381 1703 tun,

475 1788 570 1879 Aut
610 1819 729 1911 quae
767 1733 1046 1880 sollicitudo.
1069 1818 1191 1879 nunc
1232 1741 1440 1879 unirnum
1478 1784 1658 1881 mordet
1697 1774 1877 1882 tuum?

474 1983 675 2075 Tametsi
714 1952 905 2093 taceas,
942 2015 1002 2076 ex
1040 1986 1173 2076 vultu
1194 1985 1322 2077 licet
1361 1981 1632 2108 cognoscere
1861 2000 1996 2103 145.

473 2164 728 2276 Furorum,
763 2196 901 2290 quem
942 2159 1193 2307 lepuentem
1234 2164 1392 2254 animo
1429 2161 1571 2261 celae.

477 2367 718 2491 Interpone
758 2399 937 2461 moram
972 2371 1194 2492 temporis
1236 2361 1656 2492 perturbationibus
1695 2368 1802 2459 tuis.

477 2565 609 2668 Quae
647 2571 772 2658 enirn
811 2569 1059 2697 praesentia
1098 2569 1319 2691 temporis
1358 2560 1671 2658 medicamina

475 2762 577 2854 Non
616 2760 906 2882 admittunt,
941 2789 1124 2893 ternpus
1165 2759 1356 2863 aliurls
1335 2759 1502 2915 sortasl
1496 2793 1522 2852 e
1560 2764 1628 2853 eie

476 2965 750 3075 Medebitur
813 2976 982 3066 Omnia
1025 2972 1152 3070 enim
1193 2988 1373 3057 vertens
1413 2960 1601 3056 coniicit
1641 2985 1834 3087 tempus
1880 2950 1999 3075 150

269 3149 569 3251 CLYTEMN.
648 3166 849 3259 Gravius
888 3167 1053 3257 vulnus
1095 3195 1285 3273 meum,
1323 3191 1467 3284 quarn
1502 3182 1553 3257 ut
1592 3181 1774 3289 tempus

477 3369 627 3456 Possit
664 3363 875 3497 futurum·
908 3386 1190 3492 expectare,
1228 3398 1286 3458 ex
1324 3394 1471 3488 eoque

478 3575 709 3663 levamen
749 3568 935 3664 habere.
1012 3568 1221 3664 Allectus
1259 3600 1373 3660 non·
1399 3563 1489 3658 sert
1529 3597 1726 3671 moram.
1856 3621 1865 3639 ·

477 3772 599 3862 Uror
637 3769 800 3865 misera
839 3779 944 3901 igue
983 3796 1210 3903 pectora,

479 3965 549 4055 Ac
584 3967 903 4067 vehementem
926 3969 1205 4097 aegritudini
1234 3968 1475 4062 stimulum
1496 3971 1650 4062 iniicit
1676 3983 1839 4074 metus,
1883 3971 2002 4072 155·

475 4166 622 4263 Corda
662 4177 925 4269 inflammat
966 4174 1263 4281 aemulatio,
1311 4176 1611 4297 animumque
1651 4197 1784 4260 amor

482 4368 620 4494 Urget
660 4380 911 4499 pessimus,
955 4405 1038 4468 neo
1079 4373 1190 4469 lieet
1227 4401 1338 4468 eum
1374 4366 1483 4462 indo

477 4572 736 4698 Expellere.
811 4588 937 4677 Inter
976 4576 1065 4670 ista
1106 4573 1262 4667 adhuc

480 4767 633 4862 Pudor
673 4771 955 4904 subpungit,
992 4775 1179 4869 tametsi
1221 4768 1457 4901 oppressus
1498 4767 1556 4859 lit
1596 4759 1782 4858 dudum.

475 4974 619 5066 Sicuti
659 4972 830 5104 cymba
869 4976 990 5071 feror
1026 4976 1293 5105 tempestate
1332 4996 1380 5068 et
1417 4971 1579 5065 ventis,
1899 4945 2027 5052 160·
