4538 5610
346 596 513 687 Laetus
551 589 829 694 revertitur,
867 608 913 677 et
952 586 1151 711 Mycena

352 791 520 880 Carum
559 816 706 911 regem
746 779 877 876 suum
915 785 1123 924 excipit,

352 996 565 1112 Totaque
606 989 740 1114 plena
780 989 990 1082 laetitiae

346 1192 499 1285 Multa
538 1213 775 1284 taurorum
813 1193 905 1287 tibi
946 1193 1173 1290 mactabit
1211 1223 1421 1321 corpora.

763 1414 986 1503 Antistrophe
1010 1415 1173 1483 versuum
1199 1422 1258 1484 XI.

215 1707 221 1725 ι
347 1583 417 1713 Τθ
453 1611 672 1706 quoque,
712 1578 925 1705 Apollo,
965 1580 1068 1674 luce
1108 1581 1246 1678 solari
1298 1573 1568 1715 splendide,

350 1779 610 1874 laudamus
651 1777 870 1872 dulcibus
909 1779 1162 1896 cantibus,

347 1984 476 2076 Olim
515 1981 595 2075 etfi
638 1985 831 2112 Trojam
869 1980 1127 2078 defenderis

345 2128 405 2269 Et
445 2178 680 2276 Achillem
720 2188 950 2274 munimus
991 2178 1284 2274 interfeceris.

346 2376 425 2467 Tu
461 2381 586 2467 enim
626 2377 794 2474 dedisti
835 2379 1049 2474 subruere
1088 2409 1278 2484 muros,

348 2575 573 2670 Mannum
614 2603 799 2672 tuamm
837 2575 1140 2701 Laomedonti

294 2882 297 2887 Ι
349 2728 598 2901 Magnifica
641 2769 795 2870 dona:
837 2776 1049 2902 Mycenis
1092 2792 1250 2863 autem
1750 2754 1877 2880 ⁸1053¹

252 2935 254 2938 ι
352 2968 614 3064 Concesfisti
654 3001 775 3064 nunc
815 3005 843 3063 a
881 2973 1024 3091 Troja
1065 2966 1292 3067 reversum
1335 2959 1599 3091 conspicere

265 3282 267 3286 Ι
349 3166 480 3255 Atrei
519 3160 703 3279 filium,
741 3167 897 3280 salve,
946 3167 1073 3258 Jovis
1112 3163 1219 3275 fili,
1372 3283 1377 3293 1

347 3368 408 3456 Et
448 3370 635 3494 accipe,
670 3402 791 3496 quae
828 3367 919 3463 tibi
955 3376 1205 3483 canimus,
1242 3371 1489 3471 carmina,

350 3574 453 3664 Non
493 3574 696 3703 amplius
736 3595 892 3665 autem
933 3602 1120 3685 arcum,
1158 3605 1242 3670 nec
1281 3569 1559 3697 pharetram.

813 3795 949 3884 Epodos
974 3799 1138 3866 versuum
1164 3806 1207 3865 X.

350 3964 594 4071 Quomodo
633 3995 743 4057 vero
782 3983 863 4075 te,
902 3965 1118 4090 Jupiter,
1157 3984 1289 4090 pater
1327 3951 1529 4052 aetherie
1542 4019 1559 4064 ‚
1755 3952 1876 4032 110·

349 4169 700 4261 Caelicolamm
739 4168 950 4258 omnium

350 4367 543 4459 Genitor
579 4390 627 4460 et
665 4371 860 4478 auctor,¹

352 4565 689 4691 Relinquamus
726 4561 890 4659 nostris
936 4563 1217 4659 illaudatum

352 4754 693 4855 Carminibus?
733 4764 840 4854 Tua
878 4767 1003 4859 enirn
1042 4759 1263 4892 potentia.

352 4956 512 5087 Muros
550 4957 715 5091 oppidi
752 4961 890 5067 Iliaci
928 5094 931 5107 μ
