4538 5610
474 622 568 712 Nec
588 604 894 741 tamenhaec‚
934 645 961 707 o
982 612 1188 727 domina,
1227 645 1348 707 nunc
1369 614 1707 742 perhorrescere
1727 643 1776 712 te
1796 617 1939 720 decet.

473 799 556 892 llle
594 803 735 910 enim,
774 831 880 890 cum
920 800 1113 921 veperit,
1153 791 1386 920 sanguinis
1426 802 1497 889 tui
1528 799 1624 893 luet
1646 831 1833 926 poenas,
1874 825 2001 913 320,

414 1069 416 1073 ,
473 980 621 1081 Quem
660 978 778 1069 olim
818 985 868 1070 in
906 975 1032 1070 filiae
1069 973 1210 1069 caede
1247 973 1450 1104 dispersit
1491 980 1608 1104 pius.

471 1154 600 1264 Quid
638 1188 748 1249 vero
777 1154 926 1248 ‘video
963 1156 1144 1247 vultum
1182 1152 1274 1246 tibi
1312 1154 1746 1283 expallescentem2

344 1423 346 1427 .
471 1333 606 1472 Qud
644 1368 754 1427 vero
794 1338 943 1430 toruis
980 1336 1126 1426 oculis
1171 1335 1302 1429 humi
1342 1332 1578 1462 despicis,

474 1513 699 1644 Regina?
739 1522 933 1642 Oportet
957 1515 1005 1601 in
1024 1534 1232 1605 extremo
1270 1512 1540 1606 discrimine
1557 1511 1789 1611 consulere
1800 1515 2000 1626 sortiter,

262 1695 435 1792 CLYT.
470 1700 612 1786 Retro
652 1726 724 1784 me
761 1693 909 1783 trahit
948 1693 1144 1813 legitimi
1184 1690 1383 1783 thalami
1420 1686 1726 1807 desiderium,
1874 1721 2035 1811 325„

470 1869 732 1996 Suadetque
773 1871 960 1959 flectere
999 1869 1207 1958 animum
1246 1901 1332 1982 eo,
1372 1865 1494 1962 unde
1629 1968 1638 1983 ⁸

470 2051 574 2142 Non
612 2043 809 2139 decebat
847 2066 1057 2136 avertere
1097 2050 1322 2172 unquam.

471 2188 594 2323 Sero
616 2235 743 2322 enim
779 2246 981 2319 mentem
1020 2221 1081 2312 ad
1119 2221 1205 2335 id,
1241 2225 1369 2364 quod
1407 2225 1575 2339 decet,
1615 2228 1892 2352 advertere,
2022 2302 2032 2307 -
2176 2272 2179 2277 ·

471 2413 589 2518 Quis
629 2442 723 2501 non
761 2406 1140 2501 dixerit'melius
1178 2403 1311 2516 esse,
1346 2439 1488 2532 quam
1528 2411 1809 2534 nunquam?
1870 2408 1901 2423 ”

256 2597 494 2691 AffitsT.
530 2591 713 2685 Stolida
756 2589 953 2714 regina,
988 2605 1041 2675 tu
1079 2615 1189 2710 ergo
1224 2583 1408 2695 credie,
1445 2581 1600 2678 adhuc
1870 2615 1998 2707 330,

465 2769 636 2864 Fidum
674 2771 771 2862 sore
809 2753 1375 2881 connubium-Atridae?
1486 2845 1489 2858 .

464 2949 715 3059 Nescisne,
753 2971 951 3072 quantos
993 2942 1178 3069 spiritus
1214 2942 1405 3036 fortuna
1444 2947 1681 3051 mentibus
1717 2949 1957 3052 hominum

469 3131 649 3224 Asflare
688 3125 869 3235 soleat,
907 3157 1013 3216 cum
1055 3129 1141 3218 slat
1180 3121 1419 3218 secunda?

464 3313 703 3415 Quantum
742 3307 868 3399 euim
908 3301 1089 3397 cladem
1126 3305 1203 3397 Ilii

308 3495 311 3502 ’
464 3496 641 3585 lllarito
678 3509 762 3580 tuo
799 3481 1040 3577 arbitraris
1078 3476 1284 3575 attulisse
1320 3479 1560 3583 ferociae?
1872 3514 1994 3608 335.

463 3679 510 3768 Si
551 3692 689 3764 antea
724 3691 893 3760 natura
929 3662 1021 3754 suit
1059 3661 1214 3754 surore
1251 3692 1442 3773 amens,

373 3850 375 3855 ’
464 3857 599 3947 Nunc
637 3852 726 3945 erit
763 3839 1080 3941 intolerabilis
1089 3912 1107 3954 ,
1141 3838 1388 3970 postquam
1427 3812 1713 3980 expugnatio
1736 3855 1825 3976 Ilii
1845 3859 1993 3981 capiti

463 4030 670 4123 Victoris
711 4025 909 4152 infignia
950 4020 1165 4132 addidit,
1201 4026 1503 4153 animumque
1543 4031 1800 4158 superbum.

347 4216 350 4221 ’
464 4217 571 4336 Ac,
610 4208 642 4299 li
683 4175 767 4295 nec
807 4201 937 4293 aliud
976 4202 1063 4295 sit:
1101 4200 1191 4292 hoc
1226 4197 1390 4293 saltem
1431 4205 1523 4299 tibi
1564 4208 1709 4301 solum
1752 4205 1954 4301 sufficere

461 4386 712 4497 Debebat,
750 4376 877 4508 quod
915 4379 1056 4473 modo
1092 4376 1210 4478 dixi.
1250 4383 1422 4474 Verum
1462 4419 1557 4480 non
1595 4386 1756 4479 solum.
1861 4409 1994 4506 340.

899 4731 1348 4786 m
1472 4736 1476 4741 '
